% This file was created with JabRef 2.10.
% Encoding: UTF-8


@Manual{bladegenman,
  Title                    = {{BladeGenerator Schaufel Parametrisierung (Verdichter)}},
  Author                   = {{Christian Voß}},
  Organization             = {DLR},

  Owner                    = {limb_st},
  Timestamp                = {2016.03.31}
}

@Misc{inventCAD,
  Title                    = {Grundlagen der CAD/CAM Entwicklung mit Splinekurven - Eine Einführung -},

  Author                   = {{Dan - Eugen Ulment}},

  Owner                    = {limb_st},
  Timestamp                = {2016.07.21},
  Url                      = {http://www2.hs-esslingen.de/~ulmet/publications/introduction.pdf}
}

@Misc{CADFormate,
  Title                    = {Übersicht von CAD Datenformaten},

  Author                   = {{Eric Bergholz}},
  Year                     = {2010},

  Owner                    = {limb_st},
  Timestamp                = {2016.01.21},
  Url                      = {http://www.laserscanning-europe.com/de/news/uebersicht-von-cad-datenformaten}
}

@Misc{SplinesInet,
  Title                    = {An Interactive Introduction to Splines},

  Author                   = {{Evgeny Demidov}},
  Year                     = {2015},

  Url                      = {ibiblio.org/e-notes/Splines/Intro.htm}
}

@Book{Gallier2000,
  Title                    = {curves and surfaces in geometric modeling},
  Author                   = {{Jean Gallier}},
  Publisher                = {Morgan Kaufman Publishers},
  Year                     = {2000},

  Owner                    = {limb_st},
  Timestamp                = {2016.01.21}
}

@Misc{Turbofan,
  Title                    = {Schema eines Turbofantriebwerks},

  Author                   = {{K. Aainsqatsi}},
  Year                     = {2008},

  Url                      = {https://commons.wikimedia.org/wiki/File:Turbofan\_operation\_%28lbp%29.png}
}

@Misc{NRUBSSite,
  Title                    = {Was bedeutet {NURBS}?},

  Author                   = {{McNeel}},
  Year                     = {1997-2016},

  Url                      = {http://wiki.mcneel.com/de/rhino/nurbs}
}

@Misc{struknetz,
  Title                    = {Strukturierte Netze},

  Author                   = {{Michael Burghardt}},
  Year                     = {2000},

  Url                      = {http://www.michael-burghardt.de/diss/node11.html}
}

@Misc{ChamberLine,
  Title                    = {Wing profile},

  Author                   = {{Olivier Cleynen}},

  Owner                    = {limb_st},
  Timestamp                = {2016.03.15},
  Url                      = {https://commons.wikimedia.org/wiki/File:Wing_profile_nomenclature.svg}
}

@Misc{occttut,
  Title                    = {Tutorial},

  Author                   = {{Open Cascade Technologies}},

  Owner                    = {limb_st},
  Timestamp                = {2016.03.29},
  Url                      = {http://dev.opencascade.org/doc/overview/html/occt__tutorial.html}
}

@Book{PieglTiller1997,
  Title                    = {{The NURBS Book}},
  Author                   = {{Wayne Tiller, Les Piegl}},
  Publisher                = {Springer Verlag},
  Year                     = {1997}
}

@Misc{tubofanerl,
  Title                    = {Turbojet},
  Year                     = {21.03.2006},

  Owner                    = {limb_st},
  Timestamp                = {2016.08.26},
  Url                      = {http://www.wissenschaft.de/archiv/-/journal_content/56/12054/1563931/Turbojet/}
}

@Misc{dlr,
  Title                    = {Institut für Antriebstechnik},
  Year                     = {2016},

  Url                      = {http://www.dlr.de/at/}
}

@Misc{stlschnitt,
  Title                    = {STL-Schnittstelle},
  Year                     = {2016},

  Publisher                = {https://de.wikipedia.org/wiki/STL-Schnittstelle},
  Url                      = {https://de.wikipedia.org/wiki/STL-Schnittstelle}
}

@Misc{UeberDLR,
  Year                     = {2015},

  Url                      = {http://www.dlr.de/dlr/desktopdefault.aspx/tabid-10443/637\_read-251/\#/gallery/8570}
}

